[gd_scene load_steps=6 format=3 uid="uid://c3cu7vtygl2go"]

[ext_resource type="PackedScene" uid="uid://shrcom8j2fim" path="res://entities/spawner/Spawner.tscn" id="1"]
[ext_resource type="PackedScene" path="res://entities/commands/AttackCommand.tscn" id="2"]
[ext_resource type="PackedScene" path="res://entities/commands/Waypoint.tscn" id="3"]
[ext_resource type="Script" path="res://maps/test_map_1.gd" id="4"]
[ext_resource type="Script" path="res://maps/Camera.gd" id="5"]

[node name="Map" type="Node2D"]
script = ExtResource("4")

[node name="Camera2D" type="Camera2D" parent="."]
zoom = Vector2(0.172, 0.172)
script = ExtResource("5")

[node name="commands" type="Node" parent="."]

[node name="Waypoint_A1" parent="commands" instance=ExtResource("3")]
position = Vector2(-2737, -1515)
monitoring = true
monitorable = true
team = "palegreen"

[node name="Waypoint_A2" parent="commands" instance=ExtResource("3")]
position = Vector2(-680, -1175)
monitoring = true
monitorable = true
team = "palegreen"

[node name="Attack_A" parent="commands" instance=ExtResource("2")]
position = Vector2(2, 283)
monitoring = true
monitorable = true
team = "palegreen"

[node name="Waypoint_A3" parent="commands" instance=ExtResource("3")]
position = Vector2(-2947, 1595)
monitoring = true
monitorable = true
team = "palegreen"

[node name="Waypoint_B1" parent="commands" instance=ExtResource("3")]
position = Vector2(2752, 1556)
monitoring = true
monitorable = true
team = "tomato"

[node name="Waypoint_B2" parent="commands" instance=ExtResource("3")]
position = Vector2(697, 1084)
monitoring = true
monitorable = true
team = "tomato"

[node name="Attack_B" parent="commands" instance=ExtResource("2")]
position = Vector2(3, -299)
monitoring = true
monitorable = true
team = "tomato"

[node name="Waypoint_B3" parent="commands" instance=ExtResource("3")]
position = Vector2(2991, -1751)
monitoring = true
monitorable = true
team = "tomato"

[node name="units" type="Node" parent="."]

[node name="projectiles" type="Node" parent="."]

[node name="Spawner_A1" parent="." instance=ExtResource("1")]
position = Vector2(-2496, 10)
rotation = -7.06857
module_scenes = ["weapon"]
team = "palegreen"

[node name="Spawner_A2" parent="." instance=ExtResource("1")]
position = Vector2(-2508, -182)
rotation = -7.06857
team = "palegreen"

[node name="Spawner_A3" parent="." instance=ExtResource("1")]
position = Vector2(-2514, -359)
rotation = -7.06857
team = "palegreen"

[node name="Spawner_B1" parent="." instance=ExtResource("1")]
position = Vector2(2527, 9)
rotation = -3.92699
team = "tomato"

[node name="Spawner_B2" parent="." instance=ExtResource("1")]
position = Vector2(2541, 230)
rotation = -3.92699
team = "tomato"

[node name="Spawner_B3" parent="." instance=ExtResource("1")]
position = Vector2(2534, 451)
rotation = -3.92699
team = "tomato"
